@article{fcamdoc,
author = "Adams, A., Talvala, E., Park, S. H., Jacobs, D. E., Ajdin, B., Gelfand, N., Dolson, J., Vaquero, D., Baek, J., Tico, M., Lensch, H. P., Matusik, W., Pulli, K., Horowitz, M., and Levoy, M",
title =  "The Frankencamera: an experimental platform for computational photography",
journal = ACM SIGGRAPH",
year = 2010,
note = "\url{http://doi.acm.org/10.1145/1833349.1778766}",
},

@misc{symb1,
author = "Blookmber Business",
howpublished = "\url{http://www.businessweek.com/globalbiz/content/nov2009/gb2009114_367401.htm}",
},

@misc{gitvs,
author = "Pocoo",
howpublished = "\url{http://www.pocoo.org/~blackbird/github-vs-bitbucket/bitbucket.html}",
},

@misc{nokiasell,
author = "Lawton, Christopher"
year =  "2011",
month = "March",
title = "Nokia Sells Qt Commercial Services Business To Digia",
howpublished = "\url{http://online.wsj.com/article/BT-CO-20110307-709153.html}",
},

@misc{libcv,
title = "Maemo Packages - LibCV",
howpublished = "\url{http://maemo.org/packages/view/libcv-dev/}",
},

@misc{highgui-dev,
author = "Oliver Hookins",
note = "Maemo Mailing Lists",
title = "[Maemo-developers] False Missing Dependencies In Package View",
howpublished = "\url{http://lists.maemo.org/pipermail/maemo-developers/2011-August/028583.html}",
},
